@inproceedings {huang2018capturing,
author = {Peng Huang and Chuanxiong Guo and Jacob R. Lorch and Lidong Zhou and Yingnong Dang},
title = {Capturing and Enhancing In Situ System Observability for Failure Detection},
booktitle = {13th {USENIX} Symposium on Operating Systems Design and Implementation ({OSDI}' 18)},
year = {2018},
isbn = {978-1-939133-08-3},
address = {Carlsbad, CA},
pages = {1--16},
publisher = {{USENIX} Association},
month = oct,
}

@article{dean2009designs,
  title={Designs, lessons and advice from building large distributed systems},
  author={Dean, Jeff},
  journal={Keynote from LADIS},
  volume={1},
  year={2009}
}

@inproceedings{huang2017gray,
  title={Gray failure: The achilles' heel of cloud-scale systems},
  author={Huang, Peng and Guo, Chuanxiong and Zhou, Lidong and Lorch, Jacob R and Dang, Yingnong and Chintalapati, Murali and Yao, Randolph},
  booktitle={Proceedings of the 16th Workshop on Hot Topics in Operating Systems},
  pages={150--155},
  year={2017}
}

@online{Grayfail28:online,
author = {},
title = {Gray failure: the Achilles’ heel of cloud-scale systems – the morning paper},
url = {https://blog.acolyer.org/2017/06/15/gray-failure-the-achilles-heel-of-cloud-scale-systems/},
month = {},
year = {},
urldate = {06/12/2020}
}

@article{liu2007wids,
  title={WiDS checker: Combating bugs in distributed systems},
  author={Liu, Xuezheng and Lin, Wei and Pan, Aimin and Zhang, Zheng},
  year={2007}
}

@inproceedings {246326,
author = {Chang Lou and Peng Huang and Scott Smith},
title = {Understanding, Detecting and Localizing Partial Failures in Large System Software },
booktitle = {17th {USENIX} Symposium on Networked Systems Design and Implementation ({NSDI} 20)},
year = {2020},
isbn = {978-1-939133-13-7},
address = {Santa Clara, CA},
pages = {559--574},
url = {https://www.usenix.org/conference/nsdi20/presentation/lou},
publisher = {{USENIX} Association},
month = feb,
}

@misc{httpsiss99:online,
author = {},
title = {https://issues.apache.org/jira/browse/ZOOKEEPER-2201},
howpublished = {\url{https://issues.apache.org/jira/browse/ZOOKEEPER-2201}},
month = {},
year = {},
note = {(Accessed on 05/17/2020)}
}

@article{beschastnikh2016debugging,
  title={Debugging distributed systems},
  author={Beschastnikh, Ivan and Wang, Patty and Brun, Yuriy and Ernst, Michael D},
  journal={Queue},
  volume={14},
  number={2},
  pages={91--110},
  year={2016},
  publisher={ACM New York, NY, USA}
}

@inproceedings{van1998gossip,
  title={A gossip-style failure detection service},
  author={Van Renesse, Robbert and Minsky, Yaron and Hayden, Mark},
  booktitle={Middleware’98},
  pages={55--70},
  year={1998},
  organization={Springer}
}

@online{Protocol27:online,
author = {},
title = {Protocol Buffers  |  Google Developers},
url = {https://developers.google.com/protocol-buffers/},
month = {},
year = {},
urldate = {06/13/2020}
}
@online{ZOOKEEPER2247:online,
author = {},
title = {[ZOOKEEPER-2247] Zookeeper service becomes unavailable when leader fails to write transaction log - ASF JIRA},
url = {https://issues.apache.org/jira/browse/ZOOKEEPER-2247},
month = {},
year = {},
urldate = {06/13/2020}
}